<?xml version="1.0" encoding="UTF-8"?><collection xmlns="http://www.loc.gov/MARC21/slim"><record><leader>00408nam--2200133-i-4500</leader><controlfield tag="001">000009168</controlfield><controlfield tag="002">20161230</controlfield><controlfield tag="005">20161230201028</controlfield><controlfield tag="008">060222s1000------------r-----000-0-eng-d</controlfield><datafield ind1=" " ind2=" " tag="100"><subfield code="a">Dewar, Michael J.S.And Jones, Richard</subfield></datafield><datafield ind1=" " ind2=" " tag="245"><subfield code="a">Computer compilation of molecular weights and percentage compositions for organic compounds</subfield></datafield><datafield ind1=" " ind2=" " tag="260"><subfield code="a">Oxford, Pergamon Press, 1969</subfield></datafield><datafield ind1=" " ind2=" " tag="490"><subfield code="a">Xxix+476p</subfield></datafield><datafield ind1=" " ind2=" " tag="852"><subfield code="a">547:681.3</subfield></datafield></record></collection>